<?xml version="1.0" encoding="UTF-8"?><collection xmlns="http://www.loc.gov/MARC21/slim"><record><leader>00519nam--2200181-i-4500</leader><controlfield tag="001">000017294</controlfield><controlfield tag="002">20161230</controlfield><controlfield tag="005">20170128192052</controlfield><controlfield tag="008">060222s1000------------r-----000-0-eng-d</controlfield><datafield ind1=" " ind2=" " tag="020"><subfield code="a">92-826-2</subfield></datafield><datafield ind1=" " ind2=" " tag="080"><subfield code="a">341.217(4):001.4</subfield></datafield><datafield ind1=" " ind2=" " tag="100"><subfield code="a">Richter, J</subfield></datafield><datafield ind1=" " ind2=" " tag="245"><subfield code="a">Acronyms and initialisms in analytical methods and instrumentation</subfield></datafield><datafield ind1=" " ind2=" " tag="260"><subfield code="a">Luxembourg</subfield><subfield code="b">Office For Official Publications Of The European Communities</subfield><subfield code="c">1991</subfield></datafield><datafield ind1=" " ind2=" " tag="300"><subfield code="a">59 p</subfield></datafield><datafield ind1=" " ind2=" " tag="490"><subfield code="a">Eur 13571</subfield></datafield><datafield ind1=" " ind2=" " tag="852"><subfield code="a">80196</subfield></datafield><datafield ind1=" " ind2=" " tag="CAT"><subfield code="a">SYS</subfield><subfield code="c">20170128</subfield><subfield code="h">192052</subfield></datafield></record></collection>